<record><leader>00000cas a22000007a 4500</leader><controlfield tag="001">20366332</controlfield><controlfield tag="008">890919d19771978laudn ne      0    0eng d</controlfield><datafield ind1=" " ind2=" " tag="010"><subfield code="a">sn 89059346 </subfield></datafield><datafield ind1=" " ind2=" " tag="040"><subfield code="a">LNP</subfield><subfield code="b">eng</subfield><subfield code="c">LNP</subfield><subfield code="d">OCLCQ</subfield></datafield><datafield ind1=" " ind2=" " tag="042"><subfield code="a">msc</subfield></datafield><datafield ind1="0" ind2=" " tag="130"><subfield code="a">Daily sun (Hammond, La.)</subfield></datafield><datafield ind1="1" ind2="4" tag="245"><subfield code="a">The daily sun.</subfield></datafield><datafield ind1=" " ind2=" " tag="260"><subfield code="a">[Hammond, La. :</subfield><subfield code="b">Ed Huber, Jr.]</subfield></datafield><datafield ind1=" " ind2=" " tag="300"><subfield code="a">v.</subfield></datafield><datafield ind1=" " ind2=" " tag="310"><subfield code="a">Daily (except Sat. and Mon.)</subfield></datafield><datafield ind1="1" ind2=" " tag="362"><subfield code="a">Began in 1977.</subfield></datafield><datafield ind1="0" ind2=" " tag="362"><subfield code="a">-v. 43, no. 128 (July 2, 1978).</subfield></datafield><datafield ind1=" " ind2=" " tag="580"><subfield code="a">Other editions available: Sun (Hammond, La. : Home almanac ed.), Sun (Hammond, La. : Independent ed.), Sun (Hammond, La. : News herald ed.), Sun (Hammond La. : Tangi news ed.), etc.</subfield></datafield><datafield ind1=" " ind2=" " tag="588"><subfield code="a">Description based on: Vol. 42, no. 23 (June 12, 1977).</subfield></datafield><datafield ind1=" " ind2=" " tag="752"><subfield code="a">United States</subfield><subfield code="b">Louisiana</subfield><subfield code="c">Tangipahoa</subfield><subfield code="d">Hammond.</subfield></datafield><datafield ind1="1" ind2=" " tag="775"><subfield code="t">Sun (Hammond, La. : Home almanac ed.)</subfield></datafield><datafield ind1="1" ind2=" " tag="775"><subfield code="t">Sun (Hammond, La. : Independent ed.)</subfield></datafield><datafield ind1="1" ind2=" " tag="775"><subfield code="t">Sun (Hammond, La. : News herald ed.)</subfield></datafield><datafield ind1="1" ind2=" " tag="775"><subfield code="t">Sun (Hammond, La. : Tangi news ed.)</subfield></datafield><datafield ind1="0" ind2="0" tag="780"><subfield code="t">Sun (Hammond, La.)</subfield><subfield code="w">(DLC)sn 89059347</subfield></datafield><datafield ind1="0" ind2="0" tag="785"><subfield code="t">Morning sun (Hammond, La.)</subfield><subfield code="w">(DLC)sn 89059345</subfield></datafield><datafield ind1="1" ind2=" " tag="029"><subfield code="a">AU@</subfield><subfield code="b">000025905757</subfield></datafield></record>